@techreport{
dworkin2015sha, title={SHA-3 standard: Permutation-based hash and extendable-output functions}, author={Dworkin, Morris J}, year={2015}, institution={National Institute of Standards and Technology}
}
@misc{
keccak_team, title={Team Keccak}, url={https://keccak.team/}, key={keccak}, year={2008}
}
@misc{
wiki:cryptohash, title={Cryptographic hash function}, url={https://en.wikipedia.org/wiki/Cryptographic_hash_function}, key={cryptohash}, year={2004}
}
@misc{
keccak_structure, title={Keccak specifications summary}, url={https://keccak.team/keccak_specs_summary.html}, key={struct}, year={2008}
}
@misc{
sponge, title={The sponge construction}, url={https://keccak.team/sponge_duplex.html}, key={sponge}, year={2008}
}
@misc{
tool, title={Online Tools}, url={https://emn178.github.io/online-tools/index.html}, key={tool}
}